<record><leader>00000cas a22000007a 4500</leader><controlfield tag="001">26687587</controlfield><controlfield tag="008">920929d18981898ctuwr ne      0    0eng d</controlfield><controlfield tag="009">14297</controlfield><datafield ind1=" " ind2=" " tag="010"><subfield code="a">sn 92051424 </subfield></datafield><datafield ind1=" " ind2=" " tag="040"><subfield code="a">CNW</subfield><subfield code="b">eng</subfield><subfield code="c">CNW</subfield><subfield code="d">DLC</subfield><subfield code="d">CNW</subfield><subfield code="d">OCLCQ</subfield></datafield><datafield ind1=" " ind2=" " tag="042"><subfield code="a">msc</subfield></datafield><datafield ind1="0" ind2="0" tag="245"><subfield code="a">Observer-review.</subfield></datafield><datafield ind1="3" ind2="0" tag="246"><subfield code="a">Observer review</subfield></datafield><datafield ind1=" " ind2=" " tag="260"><subfield code="a">Dayville, Conn. :</subfield><subfield code="b">Nathan W. Kennedy, ed.</subfield></datafield><datafield ind1=" " ind2=" " tag="300"><subfield code="a">v.</subfield></datafield><datafield ind1=" " ind2=" " tag="310"><subfield code="a">Weekly</subfield></datafield><datafield ind1="0" ind2=" " tag="362"><subfield code="a">Vol. 1, no. 16 (Mar. 4, 1898)-v. 1, no. 44 (Sept. 16, 1898).</subfield></datafield><datafield ind1=" " ind2=" " tag="580"><subfield code="a">Formed by the union of: Killingly observer, and: Norwich observer, and: Webster review.</subfield></datafield><datafield ind1=" " ind2="4" tag="651"><subfield code="a">Dayville (Conn.)</subfield><subfield code="v">Newspapers.</subfield></datafield><datafield ind1=" " ind2="4" tag="651"><subfield code="a">Killingly (Conn. : Town)</subfield><subfield code="v">Newspapers.</subfield></datafield><datafield ind1=" " ind2="4" tag="651"><subfield code="a">Windham County (Conn.)</subfield><subfield code="v">Newspapers.</subfield></datafield><datafield ind1=" " ind2="4" tag="651"><subfield code="a">Webster (Mass.)</subfield><subfield code="v">Newspapers.</subfield></datafield><datafield ind1=" " ind2=" " tag="752"><subfield code="a">United States</subfield><subfield code="b">Connecticut</subfield><subfield code="c">Windham</subfield><subfield code="d">Dayville.</subfield></datafield><datafield ind1="1" ind2="4" tag="780"><subfield code="t">Killingly observer</subfield><subfield code="w">(DLC)sn 92051423</subfield></datafield><datafield ind1="1" ind2="4" tag="780"><subfield code="t">Norwich observer</subfield><subfield code="w">(DLC)sn 92051422</subfield></datafield><datafield ind1="1" ind2="4" tag="780"><subfield code="t">Webster review (Webster, Mass.)</subfield><subfield code="w">(DLC)sn2003060203</subfield></datafield><datafield ind1="0" ind2="0" tag="785"><subfield code="t">Observer (Dayville, Conn.)</subfield><subfield code="w">(DLC)sn 92051425</subfield></datafield></record>